@online{frauenhofer,
    title = {Die digitale Transformation in Unternehmen: Wie aus einem Buzzword gelebte Realität wird},
    author = {{Claudia Ricci, Fraunhofer Institut}},
    year = {2020},
    url = {https://blog.iao.fraunhofer.de/die-digitale-transformation-in-unternehmen-wie-aus-einem-buzzword-gelebte-realitaet-wird/}
    }
 @article{nappi2020internet,
  title={Internet of Things technology applications in the workplace environment: a critical review},
  author={Nappi, Italo and de Campos Ribeiro, Guilherme},
  journal={Journal of Corporate Real Estate},
  volume={22},
  number={1},
  pages={71--90},
  year={2020},
  doi={10.1108/JCRE-06-2019-0028},
}

@incollection{frenz1963definition,
  title={Die Definition der Produktivität. In: Beitrag zur Messung der Produktivität und deren Vergleich auf der Grundlage technischer Mengengrößen},
  author={Frenz, Walter},
  booktitle={Forschungsberichte des Landes Nordrhein-Westfalen},
  volume={1228},
  publisher={VS Verlag für Sozialwissenschaften, Wiesbaden},
  year={1963},
  doi={10.1007/978-3-663-02346-3_2},
}

@online{homeofficehandwerk,
  title={Homeoffice im Handwerk? Wie Flexibilität außerhalb des Büros funktioniert},
  author={OV},
  year={2023},
  month={04},
  day={17},
  url={https://www.haustec.de/management/betriebsfuehrung/homeoffice-im-handwerk-wie-flexibilitaet-ausserhalb-des-bueros},
}

@book{arbeit30,
  title={Arbeit 3.0: Arbeiten in der digitalen Welt},
  author={{BITKOM Bundesverband Informationswirtschaft, Telekommunikation und neue Medien e. V.}},
  publisher={{BITKOM}},
  year={2013}
}

@phdthesis{gorovoj2019technologieakzeptanz,
  title={Technologieakzeptanz Digitaler Medien bei Universitätsstudierenden verschiedener Fächer und Berufstätigen gleichen Alters: Eine Studie zu den psychologischen Determinanten und Hintergründen der Akzeptanz Digitaler Medien auf der Basis eines neu ausgerichteten Messinstruments},
  author={Gorovoj, Alexander},
  year={2019},
  school={Universität Siegen},
  note={Dissertation zur Erlangung des akademischen Grades},
}

@book{wollersheim2021bildung,
  title={Bildung in der digitalen Transformation},
  editor={Wollersheim, Heinz-Werner and Karapanos, Marios and Pengel, Norbert},
  year={2021},
  publisher={Waxmann},
  address={Münster  New York},
  issn={1434-3436},
  isbn={978-3-8309-4456-0},
  eisbn={978-3-8309-9456-0},
  url={https://doi.org/10.31244/9783830994565},
  note={Waxmann Verlag GmbH},
}

@online{janson2020statistic,
  title={Einschätzung der Produktivität im Homeoffice und dem normalen Arbeitsplatz},
  author={Janson, Matthias},
  year={2020},
  url={https://de.statista.com/infografik/22353/einschaetzung-der-produktivitaet-im-homeoffice-und-dem-normalen-arbeitsplatz/},
  organization={Statista},
}

@article{sarker2012managing,
  title={Managing Employees’ Use of Mobile Technologies to Minimize Work-Life Balance Impacts},
  author={Sarker, Suprateek and Sarker, Saonee and Xiao, Xiao and Ahuja, Manju},
  journal={Faculty Scholarship},
  year={2012},
  number={359},
  url={https://ir.library.louisville.edu/faculty/359}
}

@inproceedings{govindaraju2005effects,
  title={Effects of wireless mobile technology on employee work behavior and productivity: An Intel case study},
  author={Govindaraju, Madhumita and Sward, Deborah},
  booktitle={Designing Ubiquitous Information Environments: Socio-Technical Issues and Challenges: IFIP TC8 WG 8.2 International Working Conference, August 1–3, 2005, Cleveland, Ohio, USA},
  pages={349--351},
  year={2005},
  organization={Springer US},
  address={Boston, MA},
}